@misc{latexTemplate,
 author = {Ulzurrun de Asanza i Sàez, Lluís},
 title = {LaTeX template for UPV degree's final project},
 date = {2015/06/04},
 year = {2015},
 note = {https://github.com/Sumolari/TemplateTFG},
 url = {https://github.com/Sumolari/TemplateTFG}
}